@book{terakan,
	author = "寺澤寛一",
	title = "物理応用のための数学概論 (増訂版)",
	publisher = "岩波書店",
	address = "東京",
	year = 1954,
	pages = 722
}

@article{makihara,
	author = "牧原康隆",
	title = "レーダーエコー合成図における合成手法について",
	journal = "レーダー観測技術資料",
	volume = {39},
	pages = {1--10},
	year = 1990
}

@article{kanazawa,
	author = "国土地理院地理調査部地図編集課 (金沢敬)",
	title = "300 万分の 1 「日本とその周辺」2",
	journal = "国土地理院時報",
	volume = {44},
	pages = {27--38},
	year = 1972
}

@book{snyder,
	author = "John Parr Snyder",
	title = "Map Projections --- a working manual",
	note = "U.S. Geological Survey professional paper 1395",
	publisher = "U.S. G.P.O.",
	address = "Washington D.C.",
	year = 1987
}
